@book{gropp1999using,
 title={Using MPI-2: Advanced features of the message-passing interface},
 author={Gropp, William and Lusk, Ewing and Thakur, Rajeev},
 year={1999},
 publisher={MIT press}
}

@book{snir1998mpi,
 title={MPI--the Complete Reference: The MPI core},
 author={Snir, Marc},
 volume={1},
 year={1998},
 publisher={MIT press}
}

@inproceedings{geist1996mpi,
 title={MPI-2: Extending the message-passing interface},
 author={Geist, Al and Gropp, William and Huss-Lederman, Steve and Lumsdaine, Andrew and Lusk, Ewing and Saphir, William and Skjellum, Tony and Snir, Marc},
 booktitle={Euro-Par'96 Parallel Processing},
 pages={128--135},
 year={1996},
 organization={Springer}
}

@article{walker1996mpi,
 title={MPI: a standard message passing interface},
 author={Walker, David W and Dongarra, Jack J},
 journal={Supercomputer},
 volume={12},
 pages={56--68},
 year={1996},
 publisher={ASFRA BV}
}

@incollection{gropp2002mpich2,
 title={MPICH2: A new start for MPI implementations},
 author={Gropp, William},
 booktitle={Recent Advances in Parallel Virtual Machine and Message Passing Interface},
 pages={7--7},
 year={2002},
 publisher={Springer}
}

@article{barney2010introduction,
 title={Introduction to parallel computing},
 author={Barney, Blaise and others},
 journal={Lawrence Livermore National Laboratory},
 volume={6},
 number={13},
 pages={10},
 year={2010}
}

@book{Almasi:1989:HPC:160438,
 author = {Almasi, G. S. and Gottlieb, A.},
 title = {Highly Parallel Computing},
 year = {1989},
 isbn = {0-8053-0177-1},
 publisher = {Benjamin-Cummings Publishing Co., Inc.},
 address = {Redwood City, CA, USA},
}

@ARTICLE{5009071,
 author={Flynn, M.},
 journal={Computers, IEEE Transactions on},
 title={Some Computer Organizations and Their Effectiveness},
 year={1972},
 volume={C-21},
 number={9},
 pages={948-960},
 keywords={Automata;Computer aided instruction;Concurrent computing;Parallel processing;Performance evaluation;Time sharing computer systems;Transmission electron microscopy;Computer organization;instruction stream;overlapped;parallel processors;resource hierarchy},
 doi={10.1109/TC.1972.5009071},
 ISSN={0018-9340},
 month={Sept},}

@book{patterson2013computer,
 title={Computer organization and design: the hardware/software interface},
 author={Patterson, David A and Hennessy, John L},
 year={2013},
 publisher={Newnes}
}

@book{kshemkalyani2008distributed,
 title={Distributed computing: principles, algorithms, and systems},
 author={Kshemkalyani, Ajay D and Singhal, Mukesh},
 year={2008},
 publisher={Cambridge University Press}
}

@article{sutter2005free,
 title={The free lunch is over: A fundamental turn toward concurrency in software},
 author={Sutter, Herb},
 journal={Dr. Dobbâ€™s journal},
 volume={30},
 number={3},
 pages={202--210},
 year={2005}
}
	      
@ARTICLE{44900,
 author={Duncan, R.},
 journal={Computer},
 title={A survey of parallel computer architectures},
 year={1990},
 volume={23},
 number={2},
 pages={5-16},
 keywords={cellular arrays;parallel architectures;parallel machines;pipeline processing;MIMD-based paradigms;MIMD/SIMD hybrid;SIMD;architectural alternatives;architectural constructs;architectural innovations;coherent framework;dataflow;multiple-data-stream;multiple-instruction-stream;parallel architecture development;parallel computer architectures;reduction;shared memory;single-instruction-stream;synchronous architectures;systolic machines;vector;wavefront types;Central Processing Unit;Computer architecture;Concurrent computing;Hardware;Hypercubes;Parallel architectures;Parallel processing;Parallel programming;Taxonomy;Vector processors},
 doi={10.1109/2.44900},
 ISSN={0018-9162},
 month={Feb},}

@InProceedings{gabriel04:_open_mpi,
 author       = {Edgar Gabriel and Graham E. Fagg and George Bosilca
                  and Thara Angskun and Jack J. Dongarra and Jeffrey
                  M. Squyres and Vishal Sahay and Prabhanjan Kambadur
                  and Brian Barrett and Andrew Lumsdaine and Ralph
                  H. Castain and David J. Daniel and Richard L. Graham
                  and Timothy S. Woodall },
 title        = {Open {MPI}: Goals, Concept, and Design of a Next
                  Generation {MPI} Implementation},
 booktitle    = {Proceedings, 11th European PVM/MPI Users' Group
                  Meeting},
 year         = 2004,
 address      = {Budapest, Hungary},
 pages        = {97--104},
 month        = {September}
} 

@misc{openmpi,
 title = {Open MPI: Open Source High Performance Computing},
 howpublished = {\url{http://www.open-mpi.org}},
 note = {Accessed: 2015-09-14}
}

@misc{parallelprogrammingmodels,
 title = {Parallel Programming Models},
 howpublished = {\url{https://en.wikipedia.org/wiki/Parallel_programming_model}},
 note = {Accessed: 2015-09-14}
}

@book{Quinn:2003:PPC:1211440,
 author = {Quinn, Michael J.},
 title = {Parallel Programming in C with MPI and OpenMP},
 year = {2003},
 isbn = {0071232656},
 publisher = {McGraw-Hill Education Group},
}

@article{gropp1996high,
 title={A high-performance, portable implementation of the MPI message passing interface standard},
 author={Gropp, William and Lusk, Ewing and Doss, Nathan and Skjellum, Anthony},
 journal={Parallel computing},
 volume={22},
 number={6},
 pages={789--828},
 year={1996},
 publisher={Elsevier}
}

@inproceedings{barker2015message,
 title={Message passing interface (mpi)},
 author={Barker, Brandon},
 booktitle={Workshop: High Performance Computing on Stampede},
 year={2015}
}

@inproceedings{Kaiser:2014:HTB:2676870.2676883,
 author = {Kaiser, Hartmut and Heller, Thomas and Adelstein-Lelbach, Bryce and Serio, Adrian and Fey, Dietmar},
 title = {HPX: A Task Based Programming Model in a Global Address Space},
 booktitle = {Proceedings of the 8th International Conference on Partitioned Global Address Space Programming Models},
 series = {PGAS '14},
 year = {2014},
 isbn = {978-1-4503-3247-7},
 location = {Eugene, OR, USA},
 pages = {6:1--6:11},
 articleno = {6},
 numpages = {11},
 url = {http://doi.acm.org/10.1145/2676870.2676883},
 doi = {10.1145/2676870.2676883},
 acmid = {2676883},
 publisher = {ACM},
 address = {New York, NY, USA},
 keywords = {Exascale, Global Address Space, High Performance Computing, Parallel Runtime Systems, Programming Models},
}
		

@inproceedings{bosilca2011scalability,
 title={On scalability for mpi runtime systems},
 author={Bosilca, George and Herault, Thomas and Rezmerita, Ala and Dongarra, Jack},
 booktitle={Cluster Computing (CLUSTER), 2011 IEEE International Conference on},
 pages={187--195},
 year={2011},
 organization={IEEE}
}

@article{Hoefler:2012:OSR:2237840.2237848,
 author = {Hoefler, Torsten and Iskra, Kamil},
 title = {Operating Systems and Runtime Environments on Supercomputers},
 journal = {Int. J. High Perform. Comput. Appl.},
 issue_date = {May       2012},
 volume = {26},
 number = {2},
 month = may,
 year = {2012},
 issn = {1094-3420},
 pages = {93--94},
 numpages = {2},
 url = {http://dx.doi.org/10.1177/1094342012442456},
 doi = {10.1177/1094342012442456},
 acmid = {2237848},
 publisher = {Sage Publications, Inc.},
 address = {Thousand Oaks, CA, USA},
}
		
@article{Castain2008153,
 title = "The Open Run-Time Environment (OpenRTE): A transparent multicluster environment for high-performance computing ",
 journal = "Future Generation Computer Systems ",
 volume = "24",
 number = "2",
 pages = "153 - 157",
 year = "2008",
 note = "",
 issn = "0167-739X",
 doi = "http://dx.doi.org/10.1016/j.future.2007.03.010",
 url = "http://www.sciencedirect.com/science/article/pii/S0167739X07000507",
 author = "R.H. Castain and T.S. Woodall and D.J. Daniel and J.M. Squyres and B. Barrett and G.E. Fagg",
 keywords = "Distributed computing",
 keywords = "Distributed architectures",
 keywords = "Heterogeneous (hybrid) systems "
}

@INPROCEEDINGS{4228212,
 author={Gao, G.R. and Sterling, T. and Stevens, R. and Hereld, M. and Weirong Zhu},
 booktitle={Parallel and Distributed Processing Symposium, 2007. IPDPS 2007. IEEE International},
 title={ParalleX: A Study of A New Parallel Computation Model},
 year={2007},
 pages={1-6},
 keywords={parallel architectures;parallel programming;explicit locality management;fragmented memory;parallel computation model;parallel processing;parallel programming;performance tuning;scheduling;synchronous global barrier;system performance degradation;Computational modeling;Concurrent computing;Degradation;Delay;High performance computing;Memory management;Parallel processing;Processor scheduling;Productivity;Programming profession},
 doi={10.1109/IPDPS.2007.370484},
 month={March},
}


@article{hp-comp,
 author = {Reviewer-Harold R. Lorin},
 title = {{Review of "Highly parallel computing" by G. S. Almasi and  A. Gottlieb, Benjamin-Cummings publishers, Redwood city, CA, 1989}},
 journal = {IBM Systems Journal.},
 volume = {29},
 number = {1},
 year = {1990},
 issn = {0018-8670},
 pages = {165--166},
 publisher = {IBM Corp.},
 address = {Riverton, NJ, USA},
 }

@MISC{slides,
  author =       {Edgar Gabriel},
  title =        {{COSC6397 Parallel Computation class slides}},
  note =         {http://www2.cs.uh.edu/\~gabriel/classes/cosc6374\_f07},
}

@MISC{qnplot,
  author =       {Pascal S. de Kloe},
  title =        {{QN Plot}},
  note =         {http://quies.net/java/math/plot/},
  month = {December},
  year = {2010}
  }
  
@MISC{jdepend,
  author =       {Clarkware Consulting Inc.},
  title =        {{JDepend}},
  note =         {www.clarkware.com/software/\-JDepend.html},
  }
  
@MISC{wikipmodel,
  author = {Wikipedia.org},
  title =        {{Parallel Programming Models}},
  year =         {},
  month =        {},
  note =       {http://en.wikipedia.org/wiki/Parallel\_programming\_model},
}

@article{jumpshot,
  author = {Omer Zaki and Ewing Lusk and William Gropp and Deborah Swider},
  title =        {{Toward Scalable Performance Visualization with Jumpshot}},
  journal = {Int. J. High Perform. Comput. Appl.},
  volume = {13},
  issue = {3},
  month = {August},
  year = {1999},
  pages = {277--288},
  note =       {http://www.mcs.anl.gov/research/projects/perfvis/software/viewers/jumpshot-2/paper.html},
}

 @inproceedings{flynn,
 author = {Flynn, M.J.},
 title =  {{Very high-speed computing systems}},
 booktitle = {{Proceedings of the IEEE}},
 year =   	{1966},
 month =  	{December},
 volume = 	{54},
 number = 	{12},
 pages =  	{1901--1909},
 note =   	{},
 abstract = {},
 keywords = {},
 source =   {},
 } 
 
@article{slog2,
 author = {Anthony Chan and William Gropp and Ewing Lusk},
 title =  {{An efficient format for nearly constant-time access to arbitrary time intervals in large trace files}},
 journal = {Sci. Program.},
 year =   	{2008},
 month =  	{July},
 volume = 	{16},
 number = 	{2-3},
 pages =  	{155--165},
 note =   	{},
 abstract =     {},
 keywords =     {},
 source = {},
 }
  
@article{atlas,
 author = {R. C. Whaley and A. Petite},
 title =  {{Minimizing development and maintenance costs in supporting persistently
optimized BLAS}},
 journal = {{Software—Practice and Experience}},
 year =   	{2005},
 month =  	{February},
 volume = 	{35},
 number = 	{2},
 pages =  	{101--121},
 note =   	{},
 abstract =     {},
 keywords =     {},
 source = {},
 }

@InProceedings{paraver,
 author = {Vincent Pillet and Jesús Laberta and Toni Cortes and Sergi Girona},
 title =  {{PARAVER: A tool to visualize and analyze parallel code}},
 booktitle = {{P}roceedings of {W}o{TUG}-18: {T}ransputer and occam {D}evelopments},
 year =   	{1995},
 month =  	{March},
 volume = 	{},
 number = 	{},
 pages =  	{17--31},
 note =   	{},
 abstract =     {},
 keywords =     {},
 source = {},
 }
 
 @article{dimemas,
 author = {Rosa M. Badia and Jesús Labarta and Judit Giménez and Francesc Escalé},
 title =  {{DIMEMAS: Predicting MPI applications behavior in Grid environments}},
 journal = {Workshop on Grid Applications and Programming Tools Held in conjunction with GGF8, Seattle, USA Proceedings},
 institution = {CEPBA-IBM Research Institute},
 year =   	{2003},
 month =  	{June},
 volume = 	{},
 number = 	{},
 pages =  	{52--62},
 note =   	{},
 abstract =     {},
 keywords =     {},
 source = {},
 }
 
  @article{scalasca,
 author = {Markus Geimer and Felix Wolf and Brian J.N. Wylie and Erika ´ Abrah´am and Daniel Becker and Bernd Mohr},
 title =  {{The Scalasca performance toolset architecture}},
 journal = {Concurrency and Computation: Practice and Experience},
 year =   	{2010},
 month =  	{April},
 volume = 	{22},
 number = 	{6},
 pages =  	{702--719},
 note =   	{},
 abstract =     {},
 keywords =     {},
 source = {},
 }
 
@article{vampir,
 author = {Matthias S. M\"uller and Andreas Kn\"upfer and Matthias Jurenz and Matthias Lieber and Holger Brunst and Hartmut Mix and Wolfgang E. Nagel},
 title =  {{Developing scalable applications with Vampir, VampirServer and VampirTrace}},
 journal = {Parallel Computing: Architectures, Algorithms and Applications},
 year =   	{2007},
 month =  	{},
 volume = 	{38},
 number = 	{},
 pages =  	{637--644},
 note =   	{},
 abstract =     {},
 keywords =     {},
 source = {},
 }
 
@article{upcrc,
 author = {S.V. Adve et al.},
 title =  {{Parallel Computing Research at Illinois: The UPCRC Agenda}},
 year = {2008},
 month = {November},
 volume =       {},
 number =       {},
 pages =        {6},
 note =         {},
 abstract =     {},
 keywords =     {},
 source = {http://www.upcrc.illinois.edu/documents/UPCRC_Whitepaper.pdf},
 }
 
 @BOOK{CompArch-Q,
  AUTHOR =       {John L. Hennessy and David A. Patterson},
  editor =       {},
  TITLE =        {{Computer Architecture: A Quantitative approach}},
  PUBLISHER =    {{Morgan Kaufmann}},
  YEAR =         {2006},
  volume =       {},
  number =       {},
  series =       {},
  address =      {},
  edition =      {4th},
  month =        {Sep},
  note =         {},
  abstract =     {},
  isbn =         {0123704901},
  price =        {},
  keywords =     {},
  source =       {},
}

 
@MISC{bmcn,
 author = {Bernd Mohr},
 title =  {{Introduction to Parallel Computing}},
 journal = {Computational Nanoscience: Do It Yourself},
 year =   {2006},
 month =  {},
 volume = {31},
 number = {},
 pages =  {},
 note =   {},
 abstract = {},
 keywords = {},
 source = {http://www.fz-juelich.de/nic-series/volume31/mohr.pdf},
 }
 
  @article{mpich,
 author = {William Gropp and Ewing Lusk and Nathan Doss and Anthony Skjellum},
 title =  {{A high-performance, portable implementation of the MPI message passing interface standard}},
 journal = {Parallel Computing},
 year =   	{1996},
 month =  	{September},
 volume = 	{22},
 number = 	{6},
 pages =  	{789--828},
 note =   	{},
 abstract = {},
 keywords = {},
 source =   {},
 }
 
 @article{adcl08,
 author = {Edgar Gabriel and Saber Feki and Katharina Benkert and Mohamad Chaarawi},
 title =  {{The abstract data and communication library}},
 journal = {Algorithms and Computational Technology},
 year =   	{2008},
 month =  	{December},
 volume = 	{2},
 number = 	{4},
 pages =  	{},
 note =   	{},
 abstract = {},
 keywords = {},
 source =   {},
 }
 
  @InProceedings{naspb,
 author = {D. H. Bailey and E. Barszcz and J. T. Barton and D. S. Browning and R. L. Carter and R. A. Fatoohi and P. O. Frederickson and T. A. Lasinski and H. D. Simon and V. Venkatakrishnan and S. K. Weeratunga},
 title =  {{The {NAS} parallel benchmarks}},
 journal = {SC Conference},
 booktitle = {{Proceedings of the 1991 ACM/IEEE conference on Supercomputing}},
 year =   	{1991},
 month =  	{},
 volume = {0},
 number = 	{},
 pages =  	{158--165},
 note =   	{},
 abstract = {},
 keywords = {},
 source =   {},
 }
 
  @inproceedings{saso08,
 author = {Saber Feki and Edgar Gabriel},
 title =  {{Incorporating historic knowledge into a self-optimizing communication library for high performance computing}},
 booktitle = {{Proceedings of the 2008 Second IEEE International Conference on Self-Adaptive and Self-Organizing Systems}},
 year =   	{2008},
 month =  	{},
 volume = 	{},
 number = 	{},
 pages =  	{265--274},
 note =   	{},
 abstract = {},
 keywords = {},
 source =   {},
 } 

 
@Book{wgropp,

  title        = {{MPI-The Complete Reference}},
  author       = {William Gropp and Steven Huss-Lederman and Andrew Lumsdaine and Ewing Lusk and Bill Nitzberg and William Saphir and Marc Snir},
  publisher    = {The MIT Press},
  year         = {1998},
  volume =       {2},
}
 
 @book{MPISpec,
  author = {{Message Passing Interface Forum}},
  publisher = {},
  title = {MPI: A Message-Passing Interface Standard, Version 2.2},
  year = 2009,
  comment = {},
  month = {September},
  note = {http://www.mpi-forum.org/docs/mpi-2.2/mpi22-report.pdf}
}

 @MISC{MPIworkshop,
  author = {University of Minnesota, Supercomputing Institute},
  title =        {{The Message Passing Interface Workshop}},
  year =         {},
  month =        {},
  source =       {http://static.msi.umn.edu/tutorial/scicomp/general/},
} 
 
 @article{fftw,
 author = {Matteo Frigo and Steven G. Johnson},
 title =  {{The design and implementation of FFTW3}},
 journal = {Proceedings of IEEE},
 year =   	{2005},
 month =  	{},
 volume = 	{93},
 number = 	{2},
 pages =  	{216--231},
 note =   	{},
 abstract = {},
 keywords = {},
 source =   {},
 } 
 
@article{starmpi,
 author = {Ahmad Faraj and Xin Yuan and David Lowenthal},
 title =  {{STAR-MPI: self tuned adaptive routines for MPI
collective operations}},
 journal = {ICS '06: Proceedings of the 20th Annual International Conference on Supercomputing},
 year =   	{2006},
 month =  	{},
 volume = 	{},
 number = 	{},
 pages =  	{199--208},
 note =   	{},
 abstract = {},
 keywords = {},
 source =   {},
 }
 
 @article{wgropp96,
 author = {William Gropp and Ewing Lusk and Nathan Doss and Anthony Skjellum},
 title =  {{A high-performance, portable implementation of the MPI message passing interface standard}},
 journal = {Parallel Computing},
 year =   	{1996},
 month =  	{September},
 volume = 	{2},
 number = 	{},
 pages =  	{},
 note =   	{},
 abstract = {},
 keywords = {},
 source =   {http://www.mcs.anl.gov/research/projects/mpi/mpich1/papers/mpicharticle/paper.html},
 }
 
 @article{jiux03,
 author = {Jiuxing Liu and Balasubramanian Chandrasekaran and Jiesheng Wu and Weihang Jiang and Sushmitha Kini and Weikuan Yu and Darius Buntinas and Peter Wyckoff and D K Panda},
 title =  {{Performance Comparison of MPI Implementations over InfiniBand, Myrinet and Quadrics}},
 journal = {Proceedings of the 2003 ACM/IEEE conference on Supercomputing},
 year =   	{2003},
 month =  	{},
 volume = 	{},
 number = 	{},
 pages =  	{},
 note =   	{},
 abstract = {},
 keywords = {},
 source =   {http://nowlab.cse.ohio-state.edu/publications/conf-papers/2003/liuj-sc03.pdf},
 }
 
  @article{adclpaper,
 author = {Edgar Gabriel and Saber Feki and Katharina Benkert and Michael M. Resch},
 title =  {{Towards performance and portability through runtime adaption
for high performance computing applications}},
 journal = {Concurrency and Computation: Practice and Experience - International Supercomputing Conference},
 year =   	{2010},
 month =  	{November},
 volume = 	{22},
 number = 	{16},
 pages =  	{2230--2246},
 note =   	{},
 abstract = {},
 keywords = {},
 source =   {},
 }
 
  @article{pcg,
 author = {Graham E. Fagg and  Edgar Gabriel and  Zizhong Chen and  Thara Angskun and George Bosilca and  Jelena Pjesivac-grbovic and  Jack J. Dongarra},
 title =  {{Process fault tolerance: semantics, design and applications for high performance computing}},
 journal = {International Journal for High Performance Applications and Supercomputing},
 year =   	{2004},
 month =  	{},
 volume = 	{19},
 number = 	{4},
 pages =  	{465--477},
 note =   	{},
 abstract = {},
 keywords = {},
 source =   {},
 }
 
@article{jaros94,
 author = {Jaroslaw Nieplocha and Robert J. Harrison and Richard J. Littlefield},
 title =  {{Global Arrays: A Portable “Shared-Memory” Programming Model for Distributed Memory Computers}},
 journal = {Conference on High Performance Networking and Computing},
 year =   	{1994},
 month =  	{},
 volume = 	{},
 number = 	{},
 pages =  	{},
 note =   	{},
 abstract = {},
 keywords = {},
 source =   {http://nowlab.cse.ohio-state.edu/publications/conf-papers/2003/liuj-sc03.pdf},
 }
 
 
 
 @MISC{dagum97,
  author = {Leonardo Dagum and Ramesh Menon},
  title =        {{OpenMP: A Proposed Industry Standard API for Shared Memory Programming}},
  year =         {1997},
  month =        {October},
  source =       {http://www.openmp.org/mp-documents/paper/node3.html},
}

@article{bluegene,
 author = {A. Gara and M. A. Blumrich and D. Chen and G. L.-T. Chiu and P. Coteus and M. E. Giampapa and R. A. Haring and P. Heidelberger and D. Hoenicke and G. V. Kopcsay and T. A. Liebsch and M. Ohmacht and B. D. Steinmacher-Burow and T. Takken and P. Vranas},
 title =  {{Overview of the Blue Gene/L system architecture}},
 journal = {IBM Journal of Research and Development},
 year =   	{2005},
 month =  	{},
 volume = 	{49},
 number = 	{2},
 pages =  	{195--212},
 note =   	{},
 abstract = {},
 keywords = {},
 source =   {http://nowlab.cse.ohio-state.edu/publications/conf-papers/2003/liuj-sc03.pdf},
 }
